% Encoding: UTF8

@Book{Kraus2004,
  Title                    = {{Die Atmosphäre der Erde: Eine Einführung in die Meteorologie}},
  Author                   = {Kraus, Helmut},
  Publisher                = {Springer Verlag},
  Year                     = {2004},
  Edition                  = {3},
}

@misc{IPrak2016,
  Title                    = {{Meteorologisches Instrumentepraktikum}},
  Author                   = {Ament, Felix and Lange, Ingo and Clemens, Marco},
  Year                     = {2016},
}
